<?xml version="1.0" encoding="UTF-8"?><collection xmlns="http://www.loc.gov/MARC21/slim"><record><leader>00413nam--2200133-i-4500</leader><controlfield tag="001">000029204</controlfield><controlfield tag="002">20161230</controlfield><controlfield tag="005">20161230201037</controlfield><controlfield tag="008">060222s1000------------r-----000-0-eng-d</controlfield><datafield ind1=" " ind2=" " tag="100"><subfield code="a">Li, K.C</subfield></datafield><datafield ind1=" " ind2=" " tag="245"><subfield code="a">Wang, c.y</subfield></datafield><datafield ind1=" " ind2=" " tag="260"><subfield code="a">Tungsten.Its History,Geology,Ore-dresing,Metallurgy,Chemistry,Analysis,Applications,Economics</subfield></datafield><datafield ind1=" " ind2=" " tag="490"><subfield code="a">New York,Reinhold Publishing Corporation, 1947. Xvii+430p</subfield></datafield><datafield ind1=" " ind2=" " tag="852"><subfield code="a">546.78:669.27</subfield></datafield></record></collection>